<record><leader>00000cas a22000007a 4500</leader><controlfield tag="001">14409618</controlfield><controlfield tag="008">861017d18471850pauwr ne      0    0eng d</controlfield><datafield ind1=" " ind2=" " tag="010"><subfield code="a">sn 86053780 </subfield></datafield><datafield ind1=" " ind2=" " tag="040"><subfield code="a">NPX</subfield><subfield code="b">eng</subfield><subfield code="c">NPX</subfield><subfield code="d">NPH</subfield><subfield code="d">OCLCQ</subfield></datafield><datafield ind1=" " ind2=" " tag="042"><subfield code="a">msc</subfield></datafield><datafield ind1="0" ind2="4" tag="245"><subfield code="a">The Newtown journal.</subfield></datafield><datafield ind1=" " ind2=" " tag="260"><subfield code="a">Newtown, Pa. :</subfield><subfield code="b">Henry R. Nagel</subfield></datafield><datafield ind1=" " ind2=" " tag="300"><subfield code="a">v. :</subfield><subfield code="b">ill. (chiefly advertisements) ;</subfield><subfield code="c">55 cm.</subfield></datafield><datafield ind1=" " ind2=" " tag="310"><subfield code="a">Weekly</subfield></datafield><datafield ind1="1" ind2=" " tag="362"><subfield code="a">Began with Aug. 31, 1847 issue; ceased in Mar. 1850.</subfield><subfield code="z">Cf. Barnsley, E.R. Presses and printers of Newtown before 1868 (1938 ed.).</subfield></datafield><datafield ind1=" " ind2=" " tag="500"><subfield code="a">"The" appears within title ornament, &lt;1848&gt;.</subfield></datafield><datafield ind1=" " ind2=" " tag="500"><subfield code="a">Publishers: Henry R. Nagel, &lt;1848&gt;; Hiram Brower, &lt;1849&gt;-1850.</subfield></datafield><datafield ind1=" " ind2=" " tag="500"><subfield code="a">Editors: Henry R. Nagel, &lt;1848&gt;; Hiram Brower, &lt;1849&gt;-1850.</subfield></datafield><datafield ind1=" " ind2=" " tag="580"><subfield code="a">Absorbed by: Bucks County intelligencer. Cf. Barnsley, E.R. Presses and printers of Newtown before 1868 (1938 ed.).</subfield></datafield><datafield ind1=" " ind2=" " tag="588"><subfield code="a">Description based on: New ser., v. 6, no. 8 (Sept. 28, 1847).</subfield></datafield><datafield ind1=" " ind2=" " tag="752"><subfield code="a">United States</subfield><subfield code="b">Pennsylvania</subfield><subfield code="c">Bucks</subfield><subfield code="d">Newtown.</subfield></datafield><datafield ind1="0" ind2="0" tag="780"><subfield code="t">Newtown journal and dollar weekly</subfield><subfield code="w">(DLC)sn 86053781</subfield></datafield><datafield ind1="1" ind2="4" tag="785"><subfield code="t">Bucks County intelligencer</subfield><subfield code="w">(DLC)sn 83032018</subfield></datafield><datafield ind1="1" ind2=" " tag="029"><subfield code="a">AU@</subfield><subfield code="b">000025794991</subfield></datafield></record>